@book{bracewell1986fourier,
  title={The Fourier transform and its applications},
  author={Bracewell, Ronald Newbold and Bracewell, RN},
  volume={31999},
  year={1986},
  publisher={McGraw-Hill New York}
}


@book{laplace1995pierre,
  title={Pierre-Simon Laplace Philosophical Essay on Probabilities},
  author={Laplace, Pierre-Simon},
  volume={13},
  year={1995},
  publisher={Springer}
}

@incollection{hale1971functional,
  title={Functional differential equations},
  author={Hale, Jack K},
  booktitle={Analytic theory of differential equations},
  pages={9--22},
  year={1971},
  publisher={Springer}
}
